% This file was created with JabRef 2.7b.
% Encoding: UTF-8

@BOOK{qt,
  title = {C++ GUI Programming with Qt 4},
  publisher = {Prentice Hall},
  year = {2008},
  author = {Jasmin Blanchette and Mark Summerfield},
  edition = {2},
  owner = {rgcofield},
  timestamp = {2013.04.19}
}

@INPROCEEDINGS{jordanlidar,
  author = {Britt, Jordan and Broderick, David J. and Bevly, David and Hung,
    John},
  title = {Lidar attitude estimation for vehicle safety systems},
  booktitle = {Position Location and Navigation Symposium (PLANS), 2010 IEEE/ION},
  year = {2010},
  pages = {1226 -1231},
  month = {may},
  doi = {10.1109/PLANS.2010.5507283},
  issn = {2153-358X},
  keywords = {Acoustic beams;Calibration;Gaussian processes;Global Positioning System;Laser
    radar;Position measurement;Sensor systems;Sonar detection;Vehicle
    safety;Vehicles;Attitude;Gaussian Processes;Lidar;}
}

@CONFERENCE{cameralidarlane,
  author = {Britt, Jordan and Rose, Christopher and Bevly, David M},
  title = {A Comparative Study of Lidar and Camera-based Lane Departure Warning
    Systems},
  booktitle = {Proceedings of the 24th International Technical Meeting of The Satellite
    Division of the Institute of Navigation (ION GNSS 2011)},
  year = {2011},
  owner = {rgcofield},
  timestamp = {2013.01.30}
}

@CONFERENCE{calgary,
  author = {Cannon, M and Basnayake, S and Syed, C. S. and Lachapelle, G.},
  title = {Precise GPS Sensor Substytem for Vehicle Platoon Control},
  booktitle = {The ION GPS/GNSS 2003 Conference, Portland OR, September 9-12, 2003},
  year = {2003},
  owner = {rgcofield},
  timestamp = {2013.02.11}
}

@BOOK{vdbook,
  title = {Fundamentals of Vehicle Dynamics},
  publisher = {Society of Automotive Engineers, Inc.},
  year = {2001},
  author = {Gillespie, Thomas D.},
  owner = {rgcofield},
  timestamp = {2013.04.03}
}

@ARTICLE{truckstats,
  author = {Huang, Yueng-Hsiang and Zohar, Dov and Robertson, Michelle and Lee,
    Jin and Garabet, Angela and Murphy, Lauren},
  title = {Development and validation of a safety climate scale for the trucking
    industry},
  journal = {Contemporary Ergonomics and Human Factors 2012},
  year = {2012},
  pages = {237},
  publisher = {CRC PressI Llc}
}

@INPROCEEDINGS{visionrec,
  author = {Kehtarnavaz, N. and Lee, J.S. and Griswold, N.C.},
  title = {Vision-based Convoy Following by Recursive Filtering},
  booktitle = {American Control Conference, 1990},
  year = {1990},
  pages = {268 -273},
  month = {may},
  keywords = {Automatic control;Filtering;Intelligent vehicles;Motion control;Noise
    robustness;Recursive estimation;Remotely operated vehicles;Stereo
    vision;Testing;Velocity measurement;}
}

@CONFERENCE{gian,
  author = {Mariottini, Gian Luca and Pappas, George and Prattichizzo, Domenico
    and Daniilidis, Kostas},
  title = {Vision-based Localization of Leader-Follower Formations},
  booktitle = {Proceedings of the 44th IEEE Conference on Decision and Control,
    and the European Control Conference 2005},
  year = {2005},
  owner = {rgcofield},
  timestamp = {2013.01.30}
}

@MASTERSTHESIS{scottthesis,
  author = {Martin, Scott},
  title = {Closely Coupled GPS/INS Relative Positioning For Automated Vehicle
    Convoys},
  school = {Auburn University},
  year = {2011},
  owner = {rgcofield},
  timestamp = {2013.01.30}
}

@ARTICLE{moos,
  author = {Newman, PM},
  title = {MOOS: A mission oriented operating suite (Tech. Rep. OE2003--07)},
  journal = {Cambridge, MA: Department of Ocean Engineering, MIT},
  year = {2003}
}

@ARTICLE{ge_accuracy,
  author = {Potere, David},
  title = {Horizontal Positional Accuracy of Google Earthâ€™s High-Resolution
    Imagery Archive},
  journal = {Sensors},
  year = {2008},
  volume = {8},
  pages = {7973--7981},
  number = {12},
  doi = {10.3390/s8127973},
  issn = {1424-8220},
  url = {http://www.mdpi.com/1424-8220/8/12/7973}
}

@MANUAL{projections,
  title = {Map Projections: A Working Manual},
  author = {Snyder, John P.},
  organization = {U.S. Geological Survey},
  year = {1987},
  owner = {rgcofield},
  timestamp = {2013.04.01},
  url = {http://pubs.er.usgs.gov/publication/pp1395}
}

@PHDTHESIS{travisdiss,
  author = {Travis, William},
  title = {Path Duplication Using GPS Carrier Based Relative Position for Automated
    Ground Vehicle Convoys},
  school = {Auburn University},
  year = {2010},
  owner = {rgcofield},
  timestamp = {2013.01.30}
}

@INPROCEEDINGS{travisconvoy,
  author = {Travis, W. and Bevly, D.M.},
  title = {Trajectory duplication using relative position information for automated
    ground vehicle convoys},
  booktitle = {Position, Location and Navigation Symposium, 2008 IEEE/ION},
  year = {2008},
  pages = {1022 -1032},
  month = {may},
  doi = {10.1109/PLANS.2008.4570076},
  keywords = {Automotive engineering;Educational institutions;Global Positioning
    System;Land vehicles;Motion estimation;Position measurement;Remotely
    operated vehicles;Vehicle driving;Vehicle dynamics;Vehicle safety;Global
    Positioning System;position control;remotely operated vehicles;space
    vehicles;GPS carrier measurements;automated ground vehicle convoys;autonomous
    ground vehicles;relative position information;trajectory duplication;vehicle
    controller;vehicle path;}
}

@ARTICLE{travisshort,
  author = {Travis, William and Martin, Scott and
    
    Bevly, David},
  title = {Automated short distance vehicle following using a dynamic base RTK
    system},
  journal = {International Journal of Vehicle Autonomous Systems},
  year = {2011},
  volume = {9},
  pages = {126-141},
  owner = {rgcofield},
  timestamp = {2013.01.31}
}

@TECHREPORT{mu,
  author = {Junmin Wang and Lee Alexander and Rajesh Rajamani},
  title = {GPS Based Real-Time Tire-Road Friction Coefficient Identification},
  institution = {Minnesota Department of Transportation},
  year = {2005},
  number = {04},
  owner = {rgcofield},
  timestamp = {2013.04.20},
  url = {http://www.mrr.dot.state.mn.us/research/pdf/200504.pdf}
}

@ELECTRONIC{laterrformula,
  author = {Weisstein, Eric W.},
  title = {Point-Line Distance--2-Dimensional},
  organization = {MathWorld--A Wolfram Web Resource},
  url = {http://mathworld.wolfram.com/Point-LineDistance2-Dimensional.html},
  owner = {rgcofield},
  timestamp = {2013.02.12}
}

@TECHREPORT{lidarvsradaracc,
  author = {Glenn R. Widmann and Michele K. Daniels and Lisa Hamilton and Lawrence
    Humm and Bryan Riley, Jan K. Schiffmann, David E. Schnelker and William
    H. Wishon},
  title = {Comparison of Lidar-Based and Radar-Based Adaptive Cruise Control
    Systems},
  institution = {Society of Automotive Engineers},
  year = {2000},
  owner = {rgcofield},
  timestamp = {2013.01.31}
}

@PHDTHESIS{williamthesis,
  author = {William J. Woodall},
  title = {Low-Bandwidth Three Dimensional Mapping and Latency Reducing Model
    Prediction to Improve Teleoperation of Robotic Vehicles},
  school = {Auburn University},
  year = {2012},
  type = {Master's Thesis},
  owner = {rgcofield},
  timestamp = {2013.04.24}
}

@comment{jabref-meta: selector_publisher:}

@comment{jabref-meta: selector_author:}

@comment{jabref-meta: selector_journal:}

@comment{jabref-meta: selector_keywords:}

